@article{DBLP:journals/corr/abs-1301-5491,
  author = {Bennett, Stuart and Lasenby, Joan},
  url = {http://arxiv.org/abs/1301.5491},
  date = {2013},
  journaltitle = {CoRR},
  title = {ChESS - Quick and Robust Detection of Chess-board Features},
  volume = {abs/1301.5491},
}

@article{reza2004realization,
  author = {Reza, Ali M},
  publisher = {Springer},
  date = {2004},
  journaltitle = {The Journal of VLSI Signal Processing},
  number = {1},
  pages = {35--44},
  title = {Realization of the contrast limited adaptive histogram equalization (CLAHE) for real-time image enhancement},
  volume = {38},
}

@inproceedings{klein2007parallel,
  author = {Klein, Georg and Murray, David},
  organization = {IEEE},
  booktitle = {Mixed and Augmented Reality, 2007. ISMAR 2007. 6th IEEE and ACM International Symposium on},
  date = {2007},
  pages = {225--234},
  title = {Parallel tracking and mapping for small AR workspaces},
}

@inproceedings{lu2015cannylines,
  author = {Lu, Xiaohu and Yao, Jian and Li, Kai and Li, Li},
  organization = {IEEE},
  booktitle = {Image Processing (ICIP), 2015 IEEE International Conference on},
  date = {2015},
  pages = {507--511},
  title = {CannyLines: A parameter-free line segment detector},
}

@article{dingchessvision,
  author = {Ding, Jialin},
  title = {ChessVision: Chess Board and Piece Recognition},
}

@misc{danner2015visual,
  author = {Danner, Cheryl and Kafafy, Mai},
  publisher = {Stanford University, Stanford},
  date = {2015},
  title = {Visual Chess Recognition},
}

@article{edwards1994portable,
  author = {Edwards, Steven J},
  date = {1994},
  journaltitle = {Retrieved April},
  pages = {2011},
  title = {Portable game notation specification and implementation guide},
  volume = {4},
}

@inproceedings{tian2011rectification,
  author = {Tian, Yuandong and Narasimhan, Srinivasa G},
  organization = {IEEE},
  booktitle = {Computer Vision and Pattern Recognition (CVPR), 2011 IEEE Conference on},
  date = {2011},
  pages = {377--384},
  title = {Rectification and 3D reconstruction of curved document images},
}

